
@misc{r_core_team_2017,
	address = {Vienna, Austria},
	title = {R: {A} {Language} and {Environment} for {Statistical} {Computing}},
	url = {https://www.R-project.org/},
	publisher = {R Foundation for Statistical Computing},
	author = {{R Core Team}},
	year = {2017}
}

@misc{gonzalez_del_pliego_unpublished,
	title = {Unpublished data},
	author = {Gonz√°lez del Pliego, P.},
	year = {n.d.}
}

@misc{goode_unpublished,
	title = {Unpublished data},
	author = {Goode, Laurel K.},
	year = {n.d.}
}

@misc{noaa_solar,
	title = {{Solar Calculations}},
	url = {https://www.esrl.noaa.gov/gmd/grad/solcalc/calcdetails.html},
	author = {{NOAA}},
	year = {n.d.}
}

@misc{noaa_2015,
	author = {{NOAA Climate Prediction Center}},
	url = {http://www.cpc.noaa.gov/products/analysis_monitoring/ensostuff/ensoyears.shtml},
	urldate = {2017-07-23},
	year = {2015}
}

@misc{nasa_srtm_2008,
	author = {Jarvis, A. and Reuter, H.I. and Nelson, A. and Guevara E.},
	title = {Hole-filled {SRTM} for the globe {V}ersion 4, available from the {CGIAR-CSI SRTM} 90m {D}atabase (http://srtm.csi.cgiar.org)},
	url = {https://www2.jpl.nasa.gov/srtm/},
	year = {2008}
}

@misc{transparent_world_tree2015,
	title = {Tree plantations. www.globalforestwatch.org},
	url = {www.globalforestwatch.org},
	urldate = {2017-08-20},
	author = {{Transparent World}},
	year = {2015}
}